<record><leader>00000cas a22000007a 4500</leader><controlfield tag="001">15673751</controlfield><controlfield tag="008">870512d18781883iauwr ne      0    0eng d</controlfield><datafield ind1=" " ind2=" " tag="010"><subfield code="a">sn 87057291 </subfield></datafield><datafield ind1=" " ind2=" " tag="040"><subfield code="a">INP</subfield><subfield code="b">eng</subfield><subfield code="c">INP</subfield><subfield code="d">OCLCQ</subfield></datafield><datafield ind1=" " ind2=" " tag="042"><subfield code="a">msc</subfield></datafield><datafield ind1="0" ind2="4" tag="245"><subfield code="a">The Moulton ensign.</subfield></datafield><datafield ind1=" " ind2=" " tag="260"><subfield code="a">Moulton, Appanoose Co., Iowa :</subfield><subfield code="b">Eby &amp; Price,</subfield><subfield code="c">-1883.</subfield></datafield><datafield ind1=" " ind2=" " tag="300"><subfield code="a">v.</subfield></datafield><datafield ind1=" " ind2=" " tag="310"><subfield code="a">Weekly</subfield></datafield><datafield ind1="1" ind2=" " tag="362"><subfield code="a">Began in Dec. 1878?</subfield></datafield><datafield ind1="0" ind2=" " tag="362"><subfield code="a">-v. 5, no. 46 (Dec. 27, 1883).</subfield></datafield><datafield ind1=" " ind2=" " tag="515"><subfield code="a">Issues for Jan. 1, 1880-Dec. 27, 1883 called also whole no. 54-253.</subfield></datafield><datafield ind1=" " ind2=" " tag="588"><subfield code="a">Description based on: Vol. 1, no. 2 (Jan. 4, 1879).</subfield></datafield><datafield ind1=" " ind2=" " tag="752"><subfield code="a">United States</subfield><subfield code="b">Iowa</subfield><subfield code="c">Appanoose</subfield><subfield code="d">Moulton.</subfield></datafield><datafield ind1="0" ind2="0" tag="785"><subfield code="t">Moulton tribune (Moulton, Iowa : 1884)</subfield><subfield code="w">(DLC)sn 87058035</subfield></datafield></record>